@article{DynamicTrees,
    author = {Sleator, D. D. and Tarjan, R. E.},
    title = {A Data Structure for Dynamic Trees},
    journal = {Journal of Computer and System Sciences},
    volume = {26},
    number = {3},
    year = {1983},
}

@article{BiasedSTrees,
    author = {Bent, S. W. and Sleator, D. D. and Tarjan, R. E.},
    title = {Biased Search Trees},
    journal = {SIAM Journal on Computing},
    year = {1985},
}

@online{gg_ff,
  author = {GeeksforGeeks},
  title = {Ford-Fulkerson Algorithm for Maximum Flow Problem},
  year = {2023},
  url = {https://www.geeksforgeeks.org/ford-fulkerson-algorithm-for-maximum-flow-problem/}
}

@online{gg_dinit,
  author = {GeeksforGeeks},
  title = {Dinicâ€™s algorithm for Maximum Flow},
  year = {2023},
  url = {https://www.geeksforgeeks.org/dinics-algorithm-maximum-flow/}
}
